1736 2799
69 243 72 246 .
109 246 112 250 ,
179 205 286 244 Haec
311 197 493 241 hanenus
519 201 564 239 B.
579 188 819 249 Lmszmus,
847 204 958 257 cujus
975 198 1239 254 verbafludlo
1259 200 1395 243 nullibi
1422 202 1674 256 interpolavi,

68 278 114 305 ne
133 253 323 311 mutilcfffi²
352 257 417 305 vel
440 252 670 308 adulterasse
695 257 859 307 videar.;
887 272 985 313 quae
1008 269 1150 313 augere
1169 269 1285 315 atque
1302 259 1675 310 emendarestriori·

69 319 135 361 bus
155 311 484 366 observationibus
503 313 671 352 monitus
689 326 839 352 omnem
857 326 1012 366 operam
1031 316 1194 355 novavi,
1233 328 1236 331 .
1266 312 1270 314 *
1587 324 1592 332 .

181 427 352 468 Plurima
370 421 516 464 scilicet
538 419 648 472 sunt,
678 437 775 476 quae
795 433 841 465 ut
860 424 907 465 ab
928 425 1088 474 ordine,
1116 439 1137 466 a
1157 428 1199 466 B.
1223 427 1319 475 Viro
1337 425 1528 476 stabilito,
1557 423 1676 464 disce-

73 487 185 533 dam,
213 480 376 523 suadent
405 490 443 519 et
469 479 630 529 jubent,
662 490 704 519 ut
730 490 860 521 tamen
882 484 920 520 in
944 483 1215 521 enumerandis
1235 480 1432 534 speciebus
1452 492 1491 522 et
1510 482 1675 521 citandis

68 554 201 584 earum
222 537 456 590 synonymis
480 536 724 575 mineralium
746 550 766 576 a
784 539 958 576 Linnaeo
981 537 1322 577 denominatarum
1347 541 1588 577 mentionem
1615 540 1675 576 in-

66 601 224 652 jiciam,
257 604 294 634 et
315 595 444 644 aliqua
466 592 546 642 ejus
566 604 707 645 genera
727 606 865 646 parum
886 603 990 633 certe
1011 595 1216 634 immutata
1234 596 1438 634 retineam.

183 709 315 748 Primo
347 702 528 745 Claffium
558 704 720 743 Partitio
752 705 911 744 naturae
939 705 1069 744 minus
1099 701 1376 753 consentanea,
1416 712 1454 744 et
1473 702 1675 744 Foffilium

16 764 22 773 ²
72 764 204 808 Claffis
235 760 517 814 expungenda,
557 760 653 797 mihi·
684 761 866 811 quidem,
907 761 1082 810 videtur,
1113 773 1210 812 quae
1235 763 1337 799 enim
1359 760 1452 800 huic
1471 757 1679 810 subjiciam

73 833 139 864 tur
170 818 392 865 mineralia,
428 825 495 859 aut
523 828 768 866 nequaquam
794 813 967 866 spetiant'
985 816 1032 854 ad
1052 830 1214 870 regnum
1234 817 1442 863 minerale,
1470 818 1614 868 quippe
1637 818 1678 856 in

46 895 47 898 ¹
72 874 354 931 vegetabilibus
374 871 683 921 animalibusque
704 870 914 910 secundum
937 882 1003 911 aut
1022 882 1173 924 praeter
1192 881 1366 912 naturam
1381 874 1524 926 genita,
1546 885 1682 922 quem·

74 933 289 975 admodum
320 936 484 967 tartarus
513 934 555 967 et
580 927 773 975 calculus,
812 937 877 967 aut
910 941 989 966 non
1016 940 1102 966 vera
1122 924 1187 966 sua
1207 927 1338 972 indole
1360 929 1547 977 notisque
1562 925 1680 966 effen-

41 997 44 1001 '
73 989 256 1033 tialibus‚
285 997 418 1024 verum
438 995 543 1021 nunc
563 980 740 1021 nascendi
763 983 882 1021 modo
896 1011 907 1031 ‚
945 995 1052 1022 nunc
1072 983 1195 1021 forma
1214 993 1371 1023 externa
1391 996 1412 1022 a
1433 984 1590 1035 reliquis
1609 980 1682 1022 dis·

75 1044 296 1096 crepantia,
327 1037 659 1091 quemadmodum
681 1046 828 1085 cetera,
859 1051 957 1089 quae
977 1042 1090 1076 vocat
1106 1041 1147 1078 B.
1168 1040 1240 1083 Vir
1260 1041 1454 1077 Comeret-a
1473 1048 1511 1076 et
1537 1037 1680 1078 Petrifi·
1704 1058 1707 1059 ν

77 1109 184 1148 cata,
222 1106 287 1137 aut
316 1093 511 1146 lapidibus
533 1095 721 1145 petrisve‚
757 1106 805 1132 ex
824 1093 964 1145 quibus
986 1091 1249 1133 fatiscentibus
1269 1097 1473 1141 oriuntur,
1498 1101 1566 1132 aut
1586 1106 1681 1144 quas

75 1155 319 1197 accumulata
349 1158 387 1189 et
416 1157 687 1202 coagmentata
715 1150 882 1203 gignunt
903 1178 914 1198 ,
963 1149 1295 1200 quemadmodum
1324 1149 1515 1202 plurimae
1544 1157 1684 1198 terrae,

75 1221 143 1254 aut
163 1208 353 1256 metallis,
383 1204 718 1257 quemadmodum
740 1203 903 1255 ochrae,
931 1204 1068 1256 justius
1085 1203 1347 1245 accensentur.

187 1324 322 1370 Quum
345 1320 385 1357 in
406 1314 676 1371 distribuendis
696 1328 765 1367 per
786 1312 915 1355 classes
936 1324 975 1355 et
997 1315 1153 1367 ordines
1173 1313 1450 1366 mineralibus,
1478 1315 1587 1356 modi
1602 1329 1684 1368 quo

79 1373 348 1436 generantur,'
366 1371 575 1424 suamque,
598 1384 672 1422 qua
691 1370 804 1409 nobis
826 1367 902 1409 sele
923 1370 1116 1422 offerunt,
1145 1371 1308 1411 formam
1331 1373 1523 1418 induunt,
1553 1382 1592 1411 et
1611 1374 1687 1412 ori-

79 1437 180 1492 ginis
202 1432 314 1485 ipfius
335 1426 718 1468 nullamvbabendam
741 1423 815 1464 effe
836 1428 1027 1466 rationem
1042 1456 1053 1474 ,
1082 1427 1339 1475 contendam,
1385 1429 1535 1468 nollem
1558 1441 1604 1466 ex
1635 1440 1682 1466 eo

81 1489 287 1537 concludi,
314 1499 378 1524 me
397 1484 768 1535 contemplationem
792 1480 947 1522 istarum
966 1485 1139 1522 Naturae
1161 1496 1361 1533 nunquam
1384 1481 1616 1534 quiescentis
1635 1485 1690 1522 vi·

78 1550 183 1588 rium
213 1544 326 1583 nauci
356 1539 521 1586 habere,
552 1547 618 1577 aut
648 1535 978 1590 purificatorum,
1020 1541 1079 1577 uti
1109 1539 1265 1591 quidam
1286 1539 1477 1590 appellare
1504 1537 1686 1591 gestiunt,

79 1602 366 1643 enarrationem
387 1596 591 1641 inutilem3
620 1595 685 1633 illa
705 1596 883 1647 Sapiente
904 1593 1120 1649 digniffima
1147 1603 1208 1634 tot
1231 1596 1392 1647 egregiis
1413 1593 1689 1633 observationi·

82 1659 156 1698 bus
186 1655 401 1695 naturalem
431 1651 568 1690 ditavit
591 1647 813 1698 scientiam,
843 1646 961 1699 haee,
990 1650 1054 1690 etsi
1076 1650 1168 1689 hinc
1190 1652 1279 1689 inde
1300 1653 1339 1688 in
1365 1652 1518 1699 inanem
1547 1652 1689 1693 micro·

81 1716 227 1769 logiam
249 1707 561 1764 degeneraverit,
591 1719 708 1744 novas
729 1704 936 1754 haudraro
951 1707 1131 1754 „nullibi
1154 1709 1278 1754 certe,
1317 1716 1506 1756 quantum
1527 1707 1687 1757 quidem

83 1764 287 1815 novimus,
325 1766 363 1803 in
389 1763 499 1802 omni
530 1771 718 1805 terrarum
750 1761 880 1809 orbe,.
912 1762 953 1801 in
983 1763 1184 1815 primitivo
1207 1759 1273 1800 luo
1293 1759 1387 1800 statu
1408 1757 1589 1810 bailenus
1620 1761 1690 1799 ob·

79 1829 165 1868 vius
179 1854 190 1873 ,
217 1819 343 1862 forsan
366 1817 584 1871 deperditas
605 1825 642 1856 et
662 1830 710 1855 ex
730 1819 908 1872 vivorum
926 1831 1133 1870 corporum
1156 1817 1282 1856 indice
1301 1817 1443 1856 deletas
1458 1818 1687 1864 animalium

81 1878 437 1935 vegetabiliumque
466 1871 608 1927 species
639 1871 826 1922 ostendit,
864 1874 1038 1920 aliorum
1063 1883 1178 1924 atque
1206 1875 1370 1913 aliorum
1399 1881 1584 1912 mutatam
1612 1870 1689 1911 effe

83 1939 250 1991 patriam
280 1931 458 1978 testatur,
503 1930 697 1977 montium
729 1929 974 1977 multorum,
1008 1929 1257 1981 *potissimum
1289 1931 1539 1968 calcariorum
1572 1930 1690 1981 origi-

81 2005 174 2032 nem
189 2021 199 2040 ,
230 1998 344 2040 atque
364 1987 638 2037 alternationes
660 1985 698 2022 in
722 1987 835 2025 omnir
851 1986 1000 2024 telluris
1020 1983 1169 2025 nostrae
1180 1982 1378 2038 superficie
1389 1985 1685 2036 permultorum

79 2045 304 2088 seculorum
323 2043 457 2082 seriem
478 2038 591 2079 sanas
611 2045 741 2093 aperte
760 2041 949 2092 loquitur.
1040 2088 1042 2091 ι

1009 2095 1014 2120 l

197 2159 250 2198 At
270 2168 390 2207 quum
411 2155 524 2206 origo
545 2152 761 2192 multorum
789 2152 1038 2192 mineralium
1058 2160 1097 2192 et
1127 2160 1284 2195 naturae
1309 2154 1386 2200 vis,
1425 2151 1534 2201 cujus
1562 2148 1690 2190 effica-

85 2215 146 2257 cia
173 2212 360 2266 produeta
388 2212 500 2258 lunt,
540 2209 657 2246 dubia
685 2206 752 2257 fit,
777 2206 894 2247 satius
919 2209 1015 2246 mibi
1036 2209 1210 2255 videtur,
1240 2208 1286 2247 ab
1308 2207 1382 2246 boc
1402 2207 1552 2246 lubrico
1572 2209 1690 2258 parti·-

81 2275 205 2318 1ion1s
225 2267 480 2307 fundamento
501 2263 712 2311 abstinere;
743 2276 823 2302 non
845 2265 951 2303 enim
973 2265 1189 2303 exercitatis
1209 2265 1248 2302 in
1279 2276 1406 2302 rerum
1429 2273 1566 2304 natura
1589 2259 1691 2300 scru-

84 2318 202 2366 'tanda
220 2326 310 2363 viris
330 2321 521 2371 ejusmodi
543 2332 682 2371 opera,
715 2332 847 2358 verum
872 2320 1062 2359 tironibus
1080 2318 1317 2372 potiffimum
1344 2316 1577 2365 inserviunt,
1605 2317 1699 2368 quis

85 2381 159 2421 bus
181 2383 350 2419 maxime
371 2386 613 2428 opportunae
633 2383 672 2414 et
693 2373 860 2414 facil-'me
879 2376 1013 2415 obviae
1033 2385 1145 2414 notae
1165 2377 1205 2413 in
1235 2372 1504 2427 dignoscendis
1525 2376 1688 2411 minera-

85 2437 190 2477 libus
211 2437 341 2488 potius
361 2434 597 2473 conducunt.
654 2431 806 2471 Addam
828 2440 957 2471 tamen
979 2430 1200 2484 appendicis
1219 2432 1258 2468 in
1280 2430 1443 2469 modum
1455 2428 1702 2480 Catalogump

87 2503 298 2544 corporum
319 2499 402 2528 tum
424 2487 698 2540 vegetabilium
720 2497 803 2525 tum
825 2486 1051 2526 animalium
1073 2488 1175 2525 inter
1196 2486 1395 2524 mineralia
1423 2492 1688 2531 inventorum,

89 2544 249 2586 exclufis
276 2555 408 2585 tamen
436 2545 483 2584 iis
492 2570 506 2594 ‚
538 2555 636 2594 quae
665 2555 908 2596 nequaquam
930 2552 996 2584 aut
1015 2550 1321 2597 patum-mutata
1340 2539 1439 2580 infra
1462 2550 1605 2582 terram
1625 2551 1690 2577 oc-

84 2610 261 2650 mittunt.
1011 2603 1016 2610 ‘
1036 2603 1037 2606 ’
1127 2628 1134 2644 ,
1604 2634 1606 2636 ,

1545 2650 1687 2700 Neque
