1736 2799
56 85 86 131 6
486 83 902 132 PRAEFATIO
947 85 1249 132 Emroms.

58 202 235 272 cipitata
263 215 308 253 et
333 204 591 254 animalium
613 220 626 264 ,·
654 210 782 270 ‘quae
813 204 1041 273 quondam
1077 205 1159 254 has
1190 218 1324 271 aquas
1354 205 1671 267 inhabitabant,

58 277 220 331 ruinis,
253 272 431 322 cuilibet
450 288 636 321 naturae
657 271 881 321 officinam
902 288 1074 321 attento
1094 277 1244 321 animo
1273 274 1573 340 perlustranti,
1612 275 1673 323 ul-

62 356 137 389 tro
158 354 313 407 patet*
1496 350 1499 352 ’

18 444 33 462 ὃ
196 411 364 456 Terras
393 405 630 456 acescendo
660 407 729 455 vel
757 405 1051 472 putrescendo
1079 410 1199 472 gigni
1228 426 1321 456 non
1352 408 1428 456 nifi
1453 408 1507 456 de
1527 408 1672 456 hum-o

54 473 201 535 =valet3
237 475 402 524 calcem
423 492 516 522 non
537 491 721 522 omnem
747 492 798 521 ex
817 475 994 522 animali
1012 492 1152 539 regno
1176 474 1412 540 proficisci,
1457 491 1526 523 tot
1546 494 1674 523 mon·

62 545 178 590 tium
210 542 496 590 calcariorum
527 546 886 607 primaevorum,
920 541 1006 590 five
1025 559 1166 590 aetate
1193 545 1456 609 corporibus
1476 543 1674 590 >animui-

50 609 149 659 ’bus
170 605 449 676 superiorum
469 610 668 674 exempla
691 610 903 670 edocent3
938 609 1132 674 argillam
1154 610 1390 674 plurimam
1414 629 1463 658 ex
1479 607 1675 657 fatiscen-

65 677 186 725 tibus
217 681 353 742 petris
383 669 658 735 durioribus,
694 676 782 725 five
802 681 913 742 ignis
935 675 1202 725 subterranei
1224 682 1266 724 vi
1291 672 1552 742 progenitae
1579 675 1676 723 fue-

65 747 180 800 rint,
210 742 297 797 five
319 743 448 792 aliam
469 747 686 809 originem
700 743 866 807 milae,
903 744 1053 811 quales
1075 762 1116 794 v.
1136 763 1176 809 g.
1199 741 1405 810 spathum
1429 742 1673 800 scintillans,

31 854 34 861 ,
65 808 304 871 schistus.,·
335 815 451 859 mica
490 813 570 860 ἃς.
610 826 679 859 tot
717 809 1041 860 observationes
1081 812 1237 859 nostris
1275 811 1554 878 temporibus
1583 812 1678 858 u‘bi·

68 880 137 942 vis
168 878 323 927 obviae
348 879 620 945 loquuntur3
656 879 843 928 multam
864 897 1023 928 arenae
1044 896 1215 945 partem
1238 879 1354 928 idem
1378 878 1678 945 primordium

69 962 253 1010 capere,
289 945 418 995 aliam
438 963 532 994 non
552 945 733 1012 quidem
754 965 805 995 ex
824 965 960 1013 aqua,
976 945 1067 995 'sed
1090 965 1252 1012 aquae,
1289 947 1396 994 dum
1419 965 1471 995 ex
1493 944 1680 994 summis

68 1016 298 1061 montium
319 1014 621 1062 cacuminibus
635 1031 850 1080 ‘praeceps
876 1018 1021 1079 agitur
1049 1014 1246 1080 lapidum
1276 1011 1412 1063 frusta
1438 1012 1584 1062 secum
1609 1020 1679 1061 ra-

69 1083 235 1146 pientis
257 1092 302 1129 et
322 1080 573 1129 triturando
591 1084 638 1128 in
658 1082 840 1146 granula
859 1085 1205 1132 comminuentis
1225 1085 1267 1128 vi
1286 1085 1406 1141 oriri,
1434 1084 1678 1141 neminem,

70 1150 151 1213 qui
173 1156 366 1197 maturae
394 1151 606 1197 continue
634 1153 804 1214 agentis
833 1150 1210 1216 contemplatione
1239 1148 1504 1224 delestatus,
1544 1148 1681 1198 latere

70 1229 247 1282 putem.
271 1233 276 1238 ·
458 1271 472 1275 -

208 1281 401 1330 Talcum
431 1282 671 1349 pluresque
698 1282 888 1348 lapides,
924 1299 1039 1347 quos
1063 1287 1110 1330 B.
1129 1282 1396 1331 Autor-huic
1415 1287 1566 1348 generi
1585 1280 1681 1331 sub·

72 1348 199 1413 jecit,
236 1365 282 1398 et
307 1351 501 1397 asbestos
530 1366 696 1398 terram
726 1353 980 1402 continere,
1024 1367 1161 1414 quae,
1197 1354 1399 1414 quamvis
1418 1369 1442 1398 a
1465 1352 1516 1400 Β.
1539 1353 1683 1399 Marc·

69 1415 210 1480 grafio
238 1416 327 1478 jam
357 1432 571 1482 tanquam
589 1434 702 1481 pars
729 1424 937 1481 princeps
965 1414 1282 1464 evidentiffime
1301 1416 1598 1466 demonstrata
1617 1417 1681 1477 fit,

18 1498 22 1504 ”
72 1482 131 1530 ab
153 1479 247 1554 ipso
266 1482 464 1547 negleeta
480 1481 589 1541 fuit,
619 1481 888 1548 magnesiam
908 1482 1053 1531 albam
1074 1481 1250 1540 scilicet,
1270 1488 1479 1532 nuvimus
1498 1501 1683 1547 omnes3

75 1549 196 1598 hanc
223 1556 374 1598 autem
405 1568 456 1598 ex
482 1550 632 1614 argilla
651 1548 786 1609 nasci,
823 1553 944 1615 quis,
980 1548 1162 1615 quaeso,
1198 1548 1460 1600 asseverante
1480 1556 1685 1618 quamvis

72 1620 277 1675 Limnaeo,
321 1616 397 1665 fibi
431 1616 742 1683 persuadebit?
813 1627 822 1637 “
1104 1624 1106 1626 ’

209 1704 363 1760 Schisti
382 1722 558 1772 partem
580 1724 630 1755 ex
644 1697 794 1764 ,humo
816 1703 945 1762 nasci,
978 1709 1130 1771 negari
1149 1709 1216 1754 vix
1235 1706 1400 1772 potest3
1435 1706 1683 1773 plurimum

74 1791 185 1832 vero
206 1772 376 1839 lapidis,
413 1773 503 1823 boc
523 1777 710 1822 nomine
729 1772 940 1837 designati
962 1791 1160 1839 partem,
1197 1791 1240 1821 et
1260 1773 1429 1835 hume,
1466 1791 1511 1822 et
1539 1775 1681 1823 omni-

73 1841 160 1889 bus
189 1836 453 1906 corporibus
480 1845 612 1899 vivis,
649 1858 700 1888 ex
728 1857 926 1906 qnorum
953 1844 1091 1888 ruinis
1122 1839 1290 1888 humus
1323 1839 1530 1907 exsurgit,
1574 1847 1683 1893 anti·

76 1911 283 1975 quierem
305 1905 412 1973 esse,
446 1909 539 1972 ejus
559 1911 603 1955 in
625 1907 854 1955 montibus
872 1906 976 1956 fitus
994 1907 1239 1970 luculenter
1256 1904 1449 1956 testatur.

213 1996 416 2059 Ochram
435 2001 634 2062 inquam
655 1994 835 2044 schistos
858 1995 1081 2045 interdurn
1102 1973 1352 2055 resolvitur,
1387 2015 1480 2045 non
1501 2015 1526 2046 a
1547 2014 1684 2047 mate·

77 2068 144 2114 rie
171 2062 312 2112 schisti
340 2062 493 2130 ipsius,
517 2063 609 2113 rsed
639 2064 694 2111 ab
723 2062 998 2112 innidulante
1025 2062 1192 2130 saepius
1217 2061 1514 2134 -etlfatiscente
1538 2068 1683 2132 pyrit'a

76 2130 308 2200 proficisci,
339 2132 469 2180 facile
488 2131 548 2180 est
571 2129 887 2179 demonstratu.
1514 2151 1534 2157 ·-

217 2220 394 2269 Calcem
418 2225 470 2270 in
484 2220 642 2269 filicem
665 2225 864 2271 converti
879 2218 978 2268 sunt
997 2222 1150 2284 utique
1171 2234 1215 2268 et
1243 2218 1388 2268 nostra
1415 2219 1500 2269 hac
1528 2235 1683 2281 aetate,

81 2291 157 2353 qui
185 2286 484 2343 contendant;
533 2306 578 2336 at
606 2304 809 2348 caveant,
853 2306 912 2337 ne
929 2303 1107 2334 <meram
1127 2284 1471 2350 segregationem
1494 2293 1685 2353 particu-

80 2355 225 2403 larum
255 2354 495 2403 filicearum
526 2374 551 2404 a
583 2356 809 2418 calcareis,
845 2354 1005 2421 quibus
1032 2351 1158 2419 saepe
1175 2357 1417 2404 intertritae
1442 2353 1565 2415 sunt,
1599 2372 1685 2422 pro

82 2425 437 2471 commutatione
457 2422 619 2471 harum
641 2428 686 2471 in
707 2424 807 2471 illuc
834 2422 1038 2470 habeant.
1203 2436 1209 2439 “

74 2567 78 2570 ,
216 2510 531 2576 Crystallorum
561 2517 895 2577 generationem
924 2508 1017 2558 salis
1046 2508 1317 2558 adminiculo
1362 2509 1544 2559 mirifice
1584 2528 1687 2576 pro-

83 2583 282 2638 moveri,
319 2596 369 2627 ex
389 2578 575 2628 officinis
595 2578 805 2629 chemicis
826 2577 1018 2638 constat3
1054 2575 1221 2637 constat
1239 2581 1390 2637 etiam,
1425 2590 1686 2642 terrasaqua

1089 2667 1091 2669 ¹
1562 2645 1694 2693 acido-
